% Literaturquelle~--~
% https://www.zotero.org
% https://scholar.google.de/
% https://www.amazon.de
% ju 13-Sep-20 
% [Zotero Style Repository](https://www.zotero.org/styles)
% Stil: IEEE (nummer) o. Springer-Physics (Schmidt 2015).
% Beispiele: Aufruf [at...]. einfuegen
% Markdown
%Quelle: Schmidt S. 87 [ schmidt:2015:klima].
%Quelle: Sternbeck [ sternbeck:2015:bremsen].
% Latex
%Zitat: vgl. \textcite{schneehage:2018:aktoren}.
%Quelle: \textcite[87]{schmidt:2015:klima}.



@book{kappel:2018:arduino-basteln,
	location = {Bonn},
	edition = {1. Auflage, 1., korrigierter Nachdruck},
	title = {Arduino: Elektronik, Programmierung, Basteln},
	isbn = {9783836236485},
	series = {Rheinwerk computing},
	shorttitle = {Arduino},
	pagetotal = {672},
	publisher = {Rheinwerk Verlag},
	author = {Kappel, Benjamin},
	date = {2018},
	note = {{OCLC}: 1035155531}
}

@book{spanner:2019:robotik,
	title = {Robotik und Künstliche Intelligenz},
	isbn = {9783895763458},
	author = {Spanner, Günter},
	date = {2019},
	note = {{OCLC}: 1128100258}
}

@book{spanner:2019:mikrocontroller-technik,
	location = {Aachen},
	edition = {1. Auflage},
	title = {Mikrocontroller-Technik: Vom Einsteiger zum Aufsteiger mit dem {AVR}-Playground-Board},
	isbn = {9783895763373},
	shorttitle = {Mikrocontroller-Technik},
	pagetotal = {314},
	publisher = {Elektor},
	author = {Spanner, Günter},
	date = {2019}
}

@book{spanner:2017:arduino-schaltungsprojekte-profis,
	location = {Aachen},
	edition = {2. Auflage, überarbeitete und aktualisierte Neuauflage},
	title = {Arduino: Schaltungsprojekte für Profis: vom Elektronikeinsteiger zum Mikrocontroller-Profi},
	isbn = {9783895763267},
	shorttitle = {Arduino},
	pagetotal = {262},
	publisher = {Elektor-Verlag {GmbH}},
	author = {Spanner, Günter},
	date = {2017},
	note = {{OCLC}: 1003212144}
}

@book{dam:2020:45-elektronik-projekte-raspi,
	title = {45 Elektronik-Projekte für den Raspberry Pi},
	isbn = {9783895763496},
	author = {Dam, Bert van},
	date = {2020},
	note = {{OCLC}: 1189761168}
}

@book{dam:2015:arduino-entdecken,
	location = {Aachen},
	edition = {1. Neuaufl},
	title = {Arduino entdecken: 45 nachbausichere Projekten für den Uno},
	isbn = {9783895763069},
	shorttitle = {Arduino entdecken},
	pagetotal = {216},
	publisher = {Elektor-Verl},
	author = {Dam, Bert van},
	date = {2015},
	note = {{OCLC}: 918501565}
}

@book{dam:IOT-raspi-arduino:2015,
	location = {Aachen},
	title = {Internet of things: 35 Projekte mit Raspberry Pi und Arduino},
	isbn = {9783895763052},
	series = {An Elector publication Learn, design, share},
	shorttitle = {Internet of things},
	pagetotal = {368},
	publisher = {Elektor International Media},
	author = {Dam, Bert van and Gerstendorf, Rolf},
	date = {2015},
	note = {{OCLC}: 910738445}
}

@book{riegler:2020:erste-schritte-elektronik,
	location = {Haar},
	title = {Erste Schritte in der Elektronik.},
	isbn = {9783645206709},
	url = {http://public.eblib.com/choice/PublicFullRecord.aspx?p=6246958},
	publisher = {Franzis Verlag},
	author = {Riegler, Thomas},
	urldate = {2020-08-11},
	date = {2020},
	note = {{OCLC}: 1164500079}
}


@book{schmidt:2015:klima,
	edition={2., erw. Aufl},
	title={Praxiswissen Pkw-Klimaanlagen~--~Technik, Service, Diagnose},
	isbn={9783874411325},
	publisher={Krafthand Medien {GmbH}},
	author={Schmidt, T.},
	year={2015}
}

@book{sternbeck:2015:bremsen,
	edition={1. Aufl},
	title={Praxishandbuch Pkw-Bremsen~--~Technik, Service, Regelsysteme},
	isbn={9783874411301},
	publisher={Krafthand Medien {GmbH}},
	author={Sternbeck, J.},
	year={2015}
}

@book{schneehage:2018:aktoren,
	title={Motormanagement Aktoren~--~Aufbau, Funktion, Diagnose},
	isbn={9783874411714},
	publisher={Krafthand Medien {GmbH}},
	author={Schneehage, G.},
	year={2018}
}

@book{frei:2017:hochvolt,
	edition={2. Auflage},
	title={Grundlagen Kfz-Hochvolttechnik~--~Basiswissen, Komponenten, Sicherheit},
	isbn={9783874411523},
	publisher={Krafthand Medien {GmbH}},
	author={Frei, M.},
	year={2017}
}

@book{frei:2013:elektrik,
	edition={1. Auflage},
	title={Grundlagen der Fahrzeugelektrik~--~Basiswissen, Messtechnik, Fehlersuche},
	isbn={9783874411172},
	publisher={Krafthand Medien {GmbH}},
	author={Frei, M.},
	year={2013}
}

@book{gunther:2019:commonrail,
	title={Common-Rail-Systeme in der Werkstattpraxis},
	isbn={9783874411691},
	publisher={Krafthand Medien {GmbH}},
	author={Günther, H.},
	year={2019}
}

@book{peter:2015:benzindirekt,
	edition={1. Auflage},
	title={Benzin-Direkteinspritzsysteme~--~Komponenten, Funktionen, Diagnose},
	isbn={9783874411318},
	publisher={Krafthand Medien {GmbH}},
	author={Peter, H.},
	year={2015}
}

@book{schneehage:2014:sensoren,
	edition={2., erweiterte Auflage},
	title={Motormanagement Sensoren~--~Aufbau, Funktion und Prüfung mit dem Oszilloskop},
	isbn={9783874411295},
	publisher={Krafthand Medien {GmbH}},
	author={Schneehage, G.},
	year={2014}
}

@book{frei:2018:vernetztesysteme,
	edition={4. erweiterte Auflage},
	title={Fehlerdiagnose an vernetzten Systemen~--~Grundlagen, Diagnose, Wartung},
	isbn={9783874411677},
	publisher={Krafthand Medien {GmbH}},
	author={Frei, M.},
	year={2018}
}

@online{bosch:2020:training,
	title={{Bosch} Kfz Training},
	url={https://bosch.csod.com/LMS/BrowseTraining/BrowseTraining.aspx?tab:page:id=-6&tab:id=20000660#f=5&o=2},
	author={{Bosch}},
	urldate={2020-07-01}
}
